@article{boyd1980redefining,
  title={Redefining the discipline of adult education},
  author={Boyd, Robert Dean and Apps, Jerold W},
  journal={The AEA Handbook Series in Adult Education},
  year={1980},
  publisher={Jossey-Bass,}
}

@book{dewey1960knowing,
  title={Knowing and the known},
  author={Dewey, John and Bentley, Arthur Fisher},
  number={111},
  year={1960},
  publisher={Beacon Press Boston}
}

@article{goel2012transactional,
  title={Transactional distance revisited: Bridging face and empirical validity},
  author={Goel, Lakshmi and Zhang, Pingying and Templeton, Marjory},
  journal={Computers in Human Behavior},
  volume={28},
  number={4},
  pages={1122--1129},
  year={2012},
  publisher={Elsevier}
}

@incollection{moore2013transational,
  title={The Theory of Transactional Distance},
  author={Moore, Michael Grahame},
  booktitle={Handbook of distance education},
  pages={84--103},
  year={1973, 1993, 2013},
  publisher={Routledge}
}

@book{rumble1986planning,
  title={The planning and management of distance education},
  author={Rumble, Greville},
  year={1986},
  publisher={Croom Helm}
}